@article{rooftop_landing,
    author = "Desaraju, Vishnu and Michael, Nathan and Humenberger, Martin and Brockers, Roland and Weiss, Stephan and Nash, Jeremy and Matthies, Larry",
    year = "2015",
    month = "07",
    pages = "",
    title = "Vision-based landing site evaluation and informed optimal trajectory generation toward autonomous rooftop landing",
    volume = "39",
    journal = "Autonomous Robots",
    doi = "10.1007/s10514-015-9456-x"
}

@article{drone_slam_to_exploration,
    author = {von Stumberg, Lukas and Usenko, Vladyslav and Engel, Jakob and St{\"{u}}ckler, J{\"{o}}rg and Cremers, Daniel},
    title = "{Autonomous Exploration with a Low-Cost Quadrocopter using Semi-Dense Monocular {SLAM}}",
    journal = "CoRR",
    volume = "abs/1609.07835",
    year = "2016",
    archivePrefix = "arXiv",
    eprint = "1609.07835",
    timestamp = "Mon, 01 Jun 2020 15:30:51 +0200",
    biburl = "https://dblp.org/rec/journals/corr/StumbergUESC16.bib",
    bibsource = "dblp computer science bibliography, https://dblp.org",
    doi = "10.1109/ECMR.2017.8098709"
}

@article{light_dense_yolo,
    author = "Arsalan, Muhammad",
    year = "2018",
    month = "05",
    pages = "",
    title = "{LightDenseYOLO: A Fast and Accurate Marker Tracker for Autonomous UAV Landing by Visible Light Camera Sensor on Drone}",
    volume = "18",
    journal = "Sensors",
    doi = "10.3390/s18061703"
}

@inproceedings{Lightbody:2017:VHV:3019612.3019709,
    author = "Lightbody, Peter and Krajn\'{\i}k, Tom\'{a}\v{s} and Hanheide, Marc",
    title = "A Versatile High-performance Visual Fiducial Marker Detection System with Scalable Identity Encoding",
    booktitle = "Proceedings of the Symposium on Applied Computing",
    series = "SAC '17",
    year = "2017",
    isbn = "978-1-4503-4486-9",
    location = "Marrakech, Morocco",
    pages = "276--282",
    numpages = "7",
    doi = "10.1145/3019612.3019709",
    acmid = "3019709",
    publisher = "ACM",
    address = "New York, NY, USA",
    keywords = "computer vision, fiducial markers, swarm robotics"
}

@inproceedings{monocular_pose_estimation,
    author = "{Zhenglong}, G. and {Qiang}, F. and {Quan}, Q.",
    booktitle = "2018 37th Chinese Control Conference (CCC)",
    title = "Pose Estimation for Multicopters Based on Monocular Vision and AprilTag",
    year = "2018",
    volume = "",
    number = "",
    pages = "4717-4722"
}

@inproceedings{ar_tag,
    author = "Fiala, Mark and Fiala, Mark",
    title = "{ARTag}, a Fiducial Marker System Using Digital Techniques",
    booktitle = "Proceedings of the 2005 IEEE Computer Society Conference on Computer Vision and Pattern Recognition (CVPR'05) - Volume 2 - Volume 02",
    series = "CVPR '05",
    year = "2005",
    isbn = "0-7695-2372-2",
    pages = "590--596",
    numpages = "7",
    doi = "10.1109/CVPR.2005.74",
    acmid = "1069138",
    publisher = "IEEE Computer Society",
    address = "Washington, DC, USA"
}

@INPROCEEDINGS{apriltag_paper,
    author = "{Olson}, E.",
    booktitle = "2011 IEEE International Conference on Robotics and Automation",
    title = "AprilTag: A robust and flexible visual fiducial system",
    year = "2011",
    volume = "",
    number = "",
    pages = "3400-3407",
    doi = "10.1109/ICRA.2011.5979561"
}

@inproceedings{apriltag2_paper,
    author = "Wang, John and Olson, Edwin",
    year = "2016",
    month = "10",
    pages = "4193-4198",
    title = "AprilTag 2: Efficient and robust fiducial detection",
    doi = "10.1109/IROS.2016.7759617"
}

@inproceedings{apriltag3_paper,
    author = "{Krogius}, M. and {Haggenmiller}, A. and {Olson}, E.",
    booktitle = "2019 IEEE/RSJ International Conference on Intelligent Robots and Systems (IROS)",
    title = "Flexible Layouts for Fiducial Tags",
    year = "2019",
    volume = "",
    number = "",
    pages = "1898-1903",
    doi = "10.1109/IROS40897.2019.8967787"
}

@inproceedings{whycon_paper,
    Author = "Nitsche, Matias and Krajník, Tomáš and Čížek, Petr and Mejail, Marta and Duckett, Tom",
    Booktitle = "IROS Workshop on Open Source Aerial Robotics",
    Title = "WhyCon: An Efficent, Marker-based Localization System",
    Year = "2015",
    url = "https://core.ac.uk/download/pdf/42583963.pdf"
}

@inproceedings{whycode_paper,
    author = "Lightbody, Peter and Krajn\'{\i}k, Tom\'{a}\v{s} and Hanheide, Marc",
    title = "A Versatile High-performance Visual Fiducial Marker Detection System with Scalable Identity Encoding",
    booktitle = "Proceedings of the Symposium on Applied Computing",
    series = "SAC '17",
    year = "2017",
    isbn = "978-1-4503-4486-9",
    location = "Marrakech, Morocco",
    pages = "276--282",
    numpages = "7",
    doi = "10.1145/3019612.3019709",
    acmid = "3019709",
    publisher = "ACM",
    address = "New York, NY, USA",
    keywords = "computer vision, fiducial markers, swarm robotics"
}

@masterthesis{apriltag_whycon_comparison,
    author = "Irmisch, Patrick",
    year = "2017",
    month = "12",
    pages = "",
    title = "Camera-based distance estimation for autonomous vehicles",
    school = {Technische Universit{\"a}t Berlin}
}

@INPROCEEDINGS{visual_servoing,
    author = "{Lee}, D. and {Ryan}, T. and {Kim}, H. J.",
    booktitle = "2012 IEEE International Conference on Robotics and Automation",
    title = "Autonomous landing of a {VTOL} {UAV} on a moving platform using image-based visual servoing",
    year = "2012",
    volume = "",
    number = "",
    pages = "971-976",
    doi = "10.1109/ICRA.2012.6224828",
    ISSN = "1050-4729",
    month = "May"
}

@article{high_velocity_landing,
    author = "Borowczyk, Alexandre and Nguyen, Duc-Tien and {Phu-Van Nguyen}, André and Nguyen, Dang Quang and Saussié, David and Ny, Jerome Le",
    title = "Autonomous Landing of a Multirotor Micro Air Vehicle on a High Velocity Ground Vehicle",
    journal = "IFAC-PapersOnLine",
    volume = "50",
    number = "1",
    pages = "10488-10494",
    year = "2017",
    note = "20th IFAC World Congress",
    issn = "2405-8963",
    doi = "https://doi.org/10.1016/j.ifacol.2017.08.1980"
}

@INPROCEEDINGS{drq_landing,
    author = "{Polvara}, R. and {Patacchiola}, M. and {Sharma}, S. and {Wan}, J. and {Manning}, A. and {Sutton}, R. and {Cangelosi}, A.",
    booktitle = "2018 International Conference on Unmanned Aircraft Systems (ICUAS)",
    title = "Toward End-to-End Control for {UAV} Autonomous Landing via Deep Reinforcement Learning",
    year = "2018",
    volume = "",
    number = "",
    pages = "115-123",
    keywords = "autonomous aerial vehicles;cameras;learning (artificial intelligence);mobile robots;optimal control;sensor fusion;UAV autonomous landing;deep reinforcement learning;unmanned aerial vehicle;open problem;hand-crafted geometric features;sensor-data fusion;fiducial marker;low-resolution images;Deep Q-Networks;high-end control policy;optimal control policy;double DQN;buffer replay;Cameras;Sensors;Drones;Kernel;Task analysis;Global Positioning System",
    doi = "10.1109/ICUAS.2018.8453449",
    ISSN = "2575-7296",
    month = "June"
}

@article{pid_design,
    author = "Paz, Robert",
    year = "2001",
    month = "June",
    pages = "",
    title = "The Design of the {PID} Controller",
    journal = "Klipsch School of Electrical and Computer Engineering"
}

@article{pid_control,
    author = "Åström, K.J. and Albertos, P. and Quevedo, Joseba",
    year = "2001",
    month = "11",
    pages = "1159–1161",
    title = "{PID} control",
    volume = "9",
    journal = "Control Engineering Practice",
    doi = "10.1016/S0967-0661(01)00061-2"
}

@article{ardupilot_pid,
    title = "Copter Attitude Control",
    url = "https://ardupilot.org/dev/docs/apmcopter-programming-attitude-control-2.html",
    journal = "Copter Attitude Control - Dev documentation"
}

@book{quaternions_reference,
    author = "Hanson, Andrew J.",
    title = "Visualizing Quaternions",
    year = "2006",
    isbn = "9780080474779",
    publisher = "Morgan Kaufmann Publishers Inc.",
    address = "San Francisco, CA, USA"
}

@misc{ros_camera_calibration,
    title = "Calibrating a Monocular Camera with ROS",
    url = "http://ros-developer.com/2017/04/23/camera-calibration-with-ros/",
    journal = "Robotics with ROS",
    year = "2019",
    month = "Apr"
}

@article{accurate_landing_UAV_ground_pattern,
    author = "Wubben, Jamie and Fabra, Francisco and Calafate, Carlos and Krzeszowski, Tomasz and Marquez-Barja, Johann and Cano, Juan-Carlos and Manzoni, Pietro",
    year = "2019",
    month = "12",
    pages = "1532",
    title = "Accurate Landing of Unmanned Aerial Vehicles Using Ground Pattern Recognition",
    volume = "8",
    doi = "10.3390/electronics8121532",
    journal = "Electronics"
}

@inproceedings{vision_based_x_platform,
    author = "Falanga, Davide and Zanchettin, Alessio and Simovic, Alessandro and Delmerico, Jeffrey and Scaramuzza, Davide",
    year = "2017",
    month = "10",
    pages = "",
    title = "Vision-based Autonomous Quadrotor Landing on a Moving Platform",
    doi = "10.1109/SSRR.2017.8088164"
}

@inbook{drone_landing_unstructured_environments,
    author = "Pluckter, Kevin and Scherer, Sebastian",
    year = "2020",
    month = "01",
    pages = "177-187",
    title = "Precision UAV Landing in Unstructured Environments",
    isbn = "978-3-030-33949-4",
    doi = "10.1007/978-3-030-33950-0\\_16"
}

@article{aruco_orig,
    author = "Garrido-Jurado, Sergio and Muñoz-Salinas, Rafael and Madrid-Cuevas, Francisco and Marín-Jiménez, Manuel",
    year = "2014",
    month = "06",
    pages = "2280–2292",
    title = "Automatic generation and detection of highly reliable fiducial markers under occlusion",
    volume = "47",
    journal = "Pattern Recognition",
    doi = "10.1016/j.patcog.2014.01.005"
}

@mastersthesis{wynn,
    author = "Wynn, Jesse S.",
    title = "Visual Servoing for Precision Shipboard Landing of an Autonomous Multirotor Aircraft System",
    school = "Brigham Young University",
    url = "http://hdl.lib.byu.edu/1877/etd10385",
    year = "2018",
    month = "9",
    day = "1"
}

@online{pixhawk_website,
    author = "Meier, Lorenz",
    title = "Pixhawk",
    url = "https://pixhawk.org/",
    note = "(accessed: 2020.6.5)",
    keywords = "pixhawk, autopilot",
    howpublished = {\url{https://pixhawk.org/}}
}

@online{navio2_website,
    author = "Emlid",
    title = "Navio2",
    url = "https://emlid.com/navio/",
    note = "(accessed: 2020.6.5)",
    keywords = "pixhawk, autopilot",
    howpublished = {\url{https://emlid.com/navio/}},
}

@online{precision_land_website,
    author = "{ArduPilot Dev Team}",
    title = "Precision Landing and Loiter with IR-LOCK",
    url = "https://ardupilot.org/copter/docs/precision-landing-with-irlock.html",
    note = "(accessed: 2020.6.5)",
    keywords = "pixhawk, autopilot"
}

@online{gazebo,
    title = "Gazebo: Robot simulation made easy.",
    url = "http://gazebosim.org/",
    note = "(accessed: 2020.6.5)",
    keywords = "pixhawk, autopilot"
}

@online{ardupilot_gazebo_plugin,
    title = "Ardupilot Gazebo Plugin \\\& Models",
    url = "https://github.com/SwiftGust/ardupilot\\\_gazebo",
    note = "(accessed: 2020.6.5)",
    keywords = "pixhawk, autopilot"
}

@online{ros,
    title = "{Robot Operating System (ROS})",
    url = "https://www.ros.org/",
    note = "(accessed: 2020.6.5)",
    keywords = "pixhawk, autopilot"
}

@online{tf2,
    title = "Transform Library (TF2)",
    url = "http://wiki.ros.org/tf2",
    note = "(accessed: 2020.6.5)",
    keywords = "pixhawk, autopilot"
}

@online{edited_ardupilot_gazebo,
    title = "Edited ArduPilot Gazebo Repository (Gazebo 9 branch)",
    url = "https://github.com/uzgit/ardupilot\\_gazebo/tree/gazebo9",
    note = "(accessed: 2020.6.5)",
    keywords = "pixhawk, autopilot"
}

@online{qgroundcontrol,
    title = "{QGroundControl: Intuitive and Powerful Ground Control Station for the MAVLink protocol.}",
    url = "http://qgroundcontrol.com/",
    note = "(accessed: 2020.6.5)",
    keywords = "pixhawk, autopilot",
    howpublished = {\url{http://qgroundcontrol.com/}}
}

@phdthesis{pitch_roll_yaw_dji_source,
    author = "Demange, Jacques",
    year = "2019",
    month = "06",
    pages = "",
    title = "{Next-generation positioning for direct georeferencing of multispectral imagery from an Unmanned Aerial System (UAS): applications in Precision Agriculture}"
}

@INPROCEEDINGS{adaptive_swarm_data,
    author = "{Smith}, P. and {Hunjet}, R. and {Aleti}, A. and {Barca}, J. C.",
    booktitle = "2017 27th International Telecommunication Networks and Applications Conference (ITNAC)",
    title = "Adaptive data transfer methods via policy evolution for UAV swarms",
    year = "2017",
    volume = "",
    number = "",
    pages = "1-8",
    doi = "10.1109/ATNAC.2017.8215356"
}

@inproceedings{autonomous_landing_and_recharge,
    author = "Cocchioni, Francesco and Mancini, Adriano and Longhi, Sauro",
    year = "2014",
    month = "05",
    pages = "418-429",
    title = "Autonomous navigation, landing and recharge of a quadrotor using artificial vision",
    isbn = "978-1-4799-2376-2",
    doi = "10.1109/ICUAS.2014.6842282"
}

@article{timely_landing_site_identification,
    author = "Patterson, Timothy and McClean, Sally and Morrow, Philip and Parr, Gerard and Luo, Chunbo",
    year = "2014",
    month = "09",
    pages = "",
    title = "Timely Autonomous Identification of UAV Safe Landing Zones",
    volume = "32",
    journal = "Image and Vision Computing",
    doi = "10.1016/j.imavis.2014.06.006"
}

@article{field_testing_helicopter,
    author = "Whalley, Matthew S. and Takahashi, Marc D. and Fletcher, Jay W. and Moralez, Ernesto and Ott, LTC Carl R. and Olmstead, LTC Michael G. and Savage, James C. and Goerzen, Chad L. and Schulein, Gregory J. and Burns, Hoyt N. and Conrad, Bill",
    title = "Autonomous Black Hawk in Flight: Obstacle Field Navigation and Landing-Site Selection on the RASCAL JUH-60A",
    year = "2014",
    issue_date = "July 2014",
    publisher = "John Wiley and Sons Ltd.",
    address = "GBR",
    volume = "31",
    number = "4",
    issn = "1556-4959",
    url = "https://doi.org/10.1002/rob.21511",
    doi = "10.1002/rob.21511",
    journal = "J. Field Robot.",
    month = "July",
    pages = "591–616",
    numpages = "26"
}

@INPROCEEDINGS{helicopter_hazardous_terrain,
    author = "Johnson, A. and Montgomery, J. and Matthies, L.",
    booktitle = "Proceedings of the 2005 IEEE International Conference on Robotics and Automation",
    title = "Vision Guided Landing of an Autonomous Helicopter in Hazardous Terrain",
    year = "2005",
    volume = "",
    number = "",
    pages = "3966-3971",
    doi = "10.1109/ROBOT.2005.1570727"
}

@unknown{landing_cues,
    author = "Garg, Rohit and Yang, Shichao and Scherer, Sebastian",
    year = "2018",
    month = "12",
    pages = "",
    title = "Monocular and Stereo Cues for Landing Zone Evaluation for Micro UAVs"
}

@inproceedings{conv_3d_lidar_landing,
    author = "Maturana, Daniel and Scherer, Sebastian",
    booktitle = "2015 IEEE International Conference on Robotics and Automation (ICRA)",
    title = "3D Convolutional Neural Networks for landing zone detection from LiDAR",
    year = "2015",
    volume = "",
    number = "",
    pages = "3471-3478",
    doi = "10.1109/ICRA.2015.7139679"
}

@online{uzgit_whycon,
    title = "Edited WhyCon/WhyCode Repository",
    url = "https://github.com/uzgit/whycon-ros",
    note = "(accessed: 2020.6.5)",
    keywords = "whycon,uzgit,github",
    author = {Joshua Springer},
    howpublished = {\url{https://github.com/uzgit/whycon-ros}},
}

@online{apriltag_generation,
    title = "{April Tag Generation Github Repository}",
    url = "https://github.com/AprilRobotics/apriltag-generation",
    note = "(accessed: 2021.3.25)",
    keywords = "April Tag Generation"
}

@mastersthesis{joshua_master_thesis,
    author = "Springer, Joshua",
    title = "{Autonomous Landing of a Multicopter Using Computer Vision}",
    school = "Reykjavík University",
    year = "2020",
    url = "http://hdl.handle.net/1946/36422"
}

@misc{julrich_whycon,
    author = "Ulrich, Jiri",
    url = "https://github.com/jiriUlr/whycon-ros",
    title = "{WhyCon ROS Github Repository}",
    note = "(accessed: 2021.9.30)",
    howpublished = {\url{https://github.com/jiriUlr/whycon-ros}},
}

@misc{LCAS_whycon,
    author = "Nitsche, Matias and Krajn{\' i}k, Tom{\' a}{\v s}",
    url = "https://github.com/LCAS/whycon",
    title = "{Original WhyCon ROS Github Repository}",
    note = "(accessed: 2021.9.30)",
    doi = "10.5281/zenodo.10049"
}

@misc{rpi_drone_github_repo,
    author = "Springer, Joshua",
    url = "https://github.com/uzgit/rpi\_drone",
    title = "{Raspberry Pi Drone}",
    note = "(accessed: 2021.9.27)",
    howpublished = {\url{https://github.com/uzgit/rpi_drone}}
}

@misc{raspberry_pi_drone_thingiverse_original,
    author = "(arks007), Thingiverse",
    title = "{Raspberry Pi Drone (NIACAM: TXSEF 2016-2017)}",
    url = "https://www.thingiverse.com/thing:2269010",
    note = "(accessed: 2021.9.24)"
}

@misc{mavlink_io,
    author = "Dronecode",
    title = "{{MAVLink Micro Air Vehicle Communication Protocol}}",
    url = "https://mavlink.io/en/",
    note = "(accessed: 2021.5.19)",
    howpublished = {\url{https://mavlink.io/en/}}
}

@misc{ardupilot_website,
    title = "ArduPilot.org",
    url = "https://ardupilot.org/",
    author = "{ArduPilot Dev Team}",
    note = "(accessed: 2021.12.17)",
    howpublished={\url{https://ardupilot.org/planner/}}
}

@online{edited_apriltag,
    title = "{Edited April Tag Repository}",
    url = "https://github.com/uzgit/apriltag",
    note = "(accessed: 2021.3.25)",
    keywords = "April Tag",
    author = {Joshua Springer},
    howpublished = {\url{https://github.com/uzgit/apriltag}},
}

@inproceedings{maritine_infrastructure_inspection,
    author = "Stein, Michael",
    year = "2020",
    month = "04",
    pages = "",
    title = "{Unmanned maritime infrastructure inspection-a mixed method risk management approach from German port facilities}"
}

@article{ocean_going_autonomous_ship,
    author = "Felski, Andrzej and Zwolak, Karolina",
    year = "2020",
    month = "01",
    pages = "41",
    title = "The Ocean-Going Autonomous Ship—Challenges and Threats",
    volume = "8",
    journal = "Journal of Marine Science and Engineering",
    doi = "10.3390/jmse8010041"
}

@inproceedings{possible_futures_of_autonomous_transport,
    author = "Benson, Christopher and D S, Pranav and Colling, Alina",
    year = "2018",
    month = "06",
    pages = "",
    title = "{A Quantitative Analysis of Possible Futures of Autonomous Transport}"
}

@article{yara,
    author = "Cross, John and Meadow, Gordon and Com, Istockphoto and Jostaphot",
    year = "2017",
    month = "09",
    pages = "23-27",
    title = "Autonomous Ships 101",
    volume = "Vol 12",
    journal = "Journal of Ocean Technology"
}

@misc{kongsberg_maritime_2017,
    title = "{Autonomous ship project, key facts about YARA Birkeland}",
    url = "https://www.kongsberg.com/maritime/support/themes/autonomous-ship-project-key-facts-about-yara-birkeland/",
    journal = "Kongsberg Maritime",
    year = "2017"
}

@article{legal_autonomous_ships,
    author = "Karlis, Thanasis",
    year = "2018",
    month = "01",
    pages = "1-10",
    title = "Maritime law issues related to the operation of unmanned autonomous cargo ships",
    volume = "17",
    journal = "WMU Journal of Maritime Affairs",
    doi = "10.1007/s13437-018-0135-6"
}

@article{security_integration,
    author = "Stein, Michael",
    year = "2018",
    month = "06",
    pages = "556-583",
    title = "{Integrating Unmanned Vehicles in Port Security Operations: An Introductory Analysis and First Applicable Frameworks}",
    volume = "32",
    journal = "Ocean Yearbook Online",
    doi = "10.1163/22116001-03201022"
}

@inbook{gantry_crane,
    author = "Stein, Michael",
    year = "2018",
    month = "01",
    pages = "154-161",
    title = "Conducting Safety Inspections of Container Gantry Cranes Using Unmanned Aerial Vehicles",
    isbn = "978-3-319-74224-3",
    doi = "10.1007/978-3-319-74225-0\_20"
}

@misc{munin,
    title = "MUNIN",
    howpublished = "\url{http://www.unmanned-ship.org/munin/}",
    journal = "Subscribe RSS",
    publisher = "European Commission",
    year = "2016"
}

@misc{lr,
    author = "Register, Lloyd's",
    title = "ShipRight Design and Construction, Additional Design Procedures, Design Code for Unmanned Marine Systems",
    note = "Accessed: 2021"
}

@article{antwerp,
    url = "https://www.drycargomag.com/port-of-antwerp-deploys-autonomous-drones-for-safety-enforcement",
    journal = "Port of Antwerp deploys autonomous drones for safety enforcement",
    publisher = "Dry Cargo International",
    year = "2021",
    month = "Feb"
}

@article{rotterdam,
    url = "https://www.drycargomag.com/drone-deliveries-take-off-at-the-port-of-rotterdam",
    title = "{Drone deliveries take off at the Port of Rotterdam}",
    note = "Dry Cargo International",
    year = "2020",
    month = "May"
}

@misc{hamburg,
    author = "Howard, Michelle",
    title = "{Water Drone Christened in the Port of Hamburg}",
    url = "https://www.maritimeprofessional.com/news/water-drone-christened-port-hamburg-356643",
    journal = "Maritime Logistics Professional",
    publisher = "Maritime Logistics Professional",
    year = "2020",
    month = "Mar"
}

@misc{eit,
    title = "Game of drones – unmanned aerial vehicles in mineral exploration and geological mapping",
    url = "https://eitrawmaterials.eu/game-of-drones-unmanned-aerial-vehicles-in-mineral-exploration-and-geological-mapping/",
    journal = "EIT RawMaterials",
    year = "2020",
    month = "Dec"
}

@inproceedings{airsim2017fsr,
  author = {Shital Shah and Debadeepta Dey and Chris Lovett and Ashish Kapoor},
  title = {AirSim: High-Fidelity Visual and Physical Simulation for Autonomous Vehicles},
  year = {2017},
  booktitle = {Field and Service Robotics},
  eprint = {arXiv:1705.05065},
  url = {https://arxiv.org/abs/1705.05065}
}

@misc{posecnn,
      title={PoseCNN: A Convolutional Neural Network for 6D Object Pose Estimation in Cluttered Scenes},
      author={Yu Xiang and Tanner Schmidt and Venkatraman Narayanan and Dieter Fox},
      year={2018},
      eprint={1711.00199},
      archivePrefix={arXiv},
      primaryClass={cs.CV}
}

@misc{efficientpose,
      title={EfficientPose: An efficient, accurate and scalable end-to-end 6D multi object pose estimation approach},
      author={Yannick Bukschat and Marcus Vetter},
      year={2020},
      eprint={2011.04307},
      archivePrefix={arXiv},
      primaryClass={cs.CV}
}

@misc{lidar_lite_rangefinder,
    title={{Lidar-Lite Rangefinder - Copter Documentation}},
    url={https://ardupilot.org/copter/docs/common-rangefinder-lidarlite.html},
    howpublished={\url{https://ardupilot.org/copter/docs/common-rangefinder-lidarlite.html}},
    journal={LIDAR-Lite Rangefinder - Copter documentation},
    publisher={ArduPilot Dev Team},
    year={2021}
}

@misc{here3_manual,
    title={{Here3 GPS Manual}},
    howpublished={\url{https://docs.cubepilot.org/user-guides/here-3/here-3-manual}},
    journal={CubePilot},
    year={2020}
}

@inbook{crowd_detection_safe_landing,
author = {Castellano, Giovanna and Castiello, Ciro and Mencar, Corrado and Vessio, Gennaro},
year = {2020},
month = {01},
pages = {301-312},
title = {Crowd Detection for Drone Safe Landing Through Fully-Convolutional Neural Networks},
isbn = {978-3-030-38918-5},
doi = {10.1007/978-3-030-38919-2_25}
}

@INPROCEEDINGS{crowd_detection_airsim,
  author={Papaioannidis, Christos and Mademlis, Ioannis and Pitas, Ioannis},
  booktitle={2021 IEEE International Conference on Robotics and Automation (ICRA)},
  title={Autonomous UAV Safety by Visual Human Crowd Detection Using Multi-Task Deep Neural Networks},
  year={2021},
  volume={},
  number={},
  pages={11074-11080},
  doi={10.1109/ICRA48506.2021.9560830}}

@article{biker_orbit_airsim,
author = {Karakostas, Iason and Mademlis, Ioannis and Nikolaidis, Nikos and Pitas, Ioannis},
year = {2019},
month = {08},
pages = {},
title = {Shot Type Constraints in UAV Cinematography For Autonomous Target Tracking},
volume = {506},
journal = {Information Sciences},
doi = {10.1016/j.ins.2019.08.011}
}

@article{unet_road_extraction,
   title={Road Extraction by Deep Residual U-Net},
   volume={15},
   ISSN={1558-0571},
   url={http://dx.doi.org/10.1109/LGRS.2018.2802944},
   DOI={10.1109/lgrs.2018.2802944},
   number={5},
   journal={IEEE Geoscience and Remote Sensing Letters},
   publisher={Institute of Electrical and Electronics Engineers (IEEE)},
   author={Zhang, Zhengxin and Liu, Qingjie and Wang, Yunhong},
   year={2018},
   month={May},
   pages={749–753}
}

@ARTICLE{unet_medical_image_segmentation,
AUTHOR={Su, Run and Zhang, Deyun and Liu, Jinhuai and Cheng, Chuandong},
TITLE={MSU-Net: Multi-Scale U-Net for 2D Medical Image Segmentation},
JOURNAL={Frontiers in Genetics},
VOLUME={12},
PAGES={140},
YEAR={2021},
URL={https://www.frontiersin.org/article/10.3389/fgene.2021.639930},
DOI={10.3389/fgene.2021.639930},
ISSN={1664-8021}
}

@article{unet_semantic_terrain_segmentation,
author = {Hu, Tao and Li, Wei-hua and Qin, Xian-xiang},
year = {2019},
month = {02},
pages = {042008},
title = {Semantic Segmentation of PolSAR Images Using Conditional Random Field Model Based on Deep Features},
volume = {1168},
journal = {Journal of Physics: Conference Series},
doi = {10.1088/1742-6596/1168/4/042008}
}

 @misc{mission_planner,
     title={Mission Planner},
     url={https://ardupilot.org/planner/},
     journal={Mission Planner Home - Mission Planner documentation},
     author={ArduPilot Dev Team},
     year={2021},
     howpublished = {\url{https://ardupilot.org/planner/}},
 }